@InProceedings{bleichenbacher-million-message,
  author = 	 {Daniel Bleichenbacher},
  title = 	 {{Chosen Ciphertext Attacks against Protocols Based on RSA Encryption Standard PKCS \#1"}},
  booktitle = {{Advances in Cryptology -- CRYPTO'98}},
  pages = 	 {1--12},
  year = 	 1998,
  volume = 	 1462,
  series = 	 {LNCS}}

@Misc{infosec-world-ssl-state,
  author = 	 {Ivan Risti\'c},
  title = 	 {{State of SSL}},
  month = 	 {April},
  year = 	 2011,
  note = 	 {\url{file:///Users/ekr/Downloads/Qualys_SSL_Labs-State_of_SSL_InfoSec_World_April_2011.pdf}}}



@InProceedings{krawczyk-encryption-order,
  author = 	 {Hugo Krawczyk},
  title = 	 {{The Order of Encryption and Authentication for Protecting Communications (Or: How Secure is SSL?)}},
  booktitle = {{Advances in Cryptology -- CRYPTO'01}},
  year = 	 2001}

 @InProceedings{vaudenay-tls-cbc,
  author = 	 {Brice Canvel and Alain Hiltgen and Serge Vaudenay and Martin Vuagnoux},
  title = 	 {{Password Interception in a SSL/TLS Channel}},
  booktitle = {{Advances in Cryptology -- CRYPTO'03}},
  year = 	 2003}


@Misc{moeller-tls-cbc,
  author = 	 {Bodo Moeller},
  title = 	 {{Security of CBC Ciphersuites in SSL/TLS: Problems and Countermeasures}},
  howpublished = {\url{http://www.openssl.org/~bodo/tls-cbc.txt}}}

@Misc{stevens-md5,
  author = 	 {M.M.J. Stevens},
  title = 	 {{On Collisions for MD5}},
  howpublished = {Masters Thesis},
  month = 	 {June},
  year = 	 2007}


@InProceedings{stevens-md5-cert-2005,
  author = 	 {Marc Stevens and  Alexander Sotirov and  Jacob Appelbaum and  Arjen Lenstra and  David Molnar and  Dag Arne Osvik and Benne de Weger},
  title = 	 {{Short Chosen-Prefix Collisions for MD5 and the Creation of a Rogue CA Certificate}},
  booktitle = {{Advances in Cryptology -- CRYPTO'09}},
  year = 	 2009}

@INPROCEEDINGS{amw:hooktonfoniks,
  author = {Andrew M. White and Austin R. Matthews and Kevin Z. Snow and Fabian Monrose},
  title = {Phonotactic Reconstruction of Encrypted {VoIP} Conversations: Hookt on fon-iks},
  booktitle = {Proceedings of the 32nd IEEE Symposium on Security and Privacy},
  year = {2011},
  month = may
}

@InProceedings{oaep,
  author = 	 {Mihir Bellare and Philip Rogaway},
  title = 	 {{Optimal Asymmetric Encryption - How to Encrypt with RSA}},
  booktitle = {{Advances in Cryptology -- Eurocrypt '96}},
  pages = 	 {399--416},
  year = 	 1996,
  volume = 	 1070}


@Misc{sha-1,
  author = 	 {{NIST}},
  title = 	 {{Secure Hash Standard}},
  month = 	 {aug},
  year = 	 2002,
  note = 	 {FIPS PUB 180-2}}

@Misc{aes,
  author = 	 {{NIST}},
  title = 	 {{Specification for the Advanced Encryption Standard (AES)}},
  month = 	 {nov},
  year = 	 2001,
  note = 	 {FIPS PUB 197}}

